@article{kephart_vision_2003,
	title = {The vision of autonomic computing},
	volume = {36},
	issn = {1558-0814},
	doi = {10.1109/MC.2003.1160055},
	pages = {41--50},
	number = {1},
	journaltitle = {Computer},
	author = {Kephart, J.O. and Chess, D.M.},
	date = {2003-01},
	keywords = {Biology computing, Computer industry, Computer vision, Crisis management, Environmental management, Humans, Internet, {LAN} interconnection, Pervasive computing, {READ}, Technological innovation},
}